@book{openstax_line_integral,
  author    = {Gilbert Strang and Edwin Herman},
  title     = {Cálculo volumen 3},
  publisher = {OpenStax},
  year      = {2022},
  address   = {Houston, Texas},
  url       = {https://openstax.org/books/c%C3%A1lculo-volumen-3/pages/6-2-integrales-de-linea},
  urldate   = {2025-10-22} 
}

@book{mat_avanzadas_ing,
  author    = {Peter V. O'Neil},
  title     = {Matemáticas avanzadas para Ingeniería},
  publisher = {CENGAGE Learning},
  year      = {2012}
}

@online{scalar_line_integral,
  author    = {Foolish Chemist},
  title     = {Line Integrals Are Simpler Than You Think},
  url       = {https://www.youtube.com/watch?v=wCphv9dCswg},
  note      = {Video de YouTube},
}
@online{vector_line_integral,
  author    = {Foolish Chemist},
  title     = {The Fundamental Theorem of Gradients | Multivariable Calculus},
  url       = {https://www.youtube.com/watch?v=eNUwFNg2yEQ},
  note      = {Video de YouTube},
}
